% Ejemplo de cita de un artículo publicado en revista
@article{noever2019classifier,
  title={Classifier Suites for Insider Threat Detection},
  author={Noever, David},
  journal={arXiv preprint arXiv:1901.10948},
  year={2019}
}

@inproceedings{yuan2018insider,
  title={Insider threat detection with deep neural network},
  author={Yuan, Fangfang and Cao, Yanan and Shang, Yanmin and Liu, Yanbing and Tan, Jianlong and Fang, Binxing},
  booktitle={International Conference on Computational Science},
  pages={43--54},
  year={2018},
  organization={Springer}
}

@inproceedings{davison1998predicting,
  title={Predicting sequences of user actions},
  author={Davison, Brian D and Hirsh, Haym},
  booktitle={Notes of the AAAI/ICML 1998 Workshop on Predicting the Future: AI Approaches to Time-Series Analysis},
  pages={5--12},
  year={1998}
}

@inproceedings{lane1997sequence,
  title={Sequence matching and learning in anomaly detection for computer security},
  author={Lane, Terran and Brodley, Carla E and others},
  booktitle={AAAI Workshop: AI Approaches to Fraud Detection and Risk Management},
  pages={43--49},
  year={1997},
  organization={Providence, Rhode Island}
}

@misc{insider_threat_test_dataset_2016, title={Insider Threat Test Dataset}, url={https://resources.sei.cmu.edu/library/asset-view.cfm?assetid=508099}, journal={Insider Threat Test Dataset}, year={2016}, month={Nov}}

@misc{colab, title={Google colab specifications}, url={https://colab.research.google.com/drive/1_x67fw9y5aBW72a8aGePFLlkPvKLpnBl}, year={2020}, month={Mar}}

@misc{insidercost, title={Insider Threat cost 2020},  url={https://www.proofpoint.com/us/resources/threat-reports/2020-cost-of-insider-threats}, year = {2020}, month={Jan}}

@incollection{bottou-98x,
  author = {Bottou, L\'{e}on},
  title = {Online Algorithms and Stochastic Approximations},
  booktitle = {Online Learning and Neural Networks},
  editor = {Saad, David},
  publisher = {Cambridge University Press},
  address = {Cambridge, UK},
  year = {1998},
  url = {http://leon.bottou.org/papers/bottou-98x},
  note = {revised, oct 2012}
}

@book{agresti2003categorical,
  title={Categorical data analysis},
  author={Agresti, Alan},
  volume={482},
  year={2003},
  publisher={John Wiley \& Sons}
}

@book{deisenroth2020mathematics,
  title={Mathematics for machine learning},
  author={Deisenroth, Marc Peter and Faisal, A Aldo and Ong, Cheng Soon},
  year={2020},
  publisher={Cambridge University Press}
}

@misc{randomForest,
  title = {{Towards Data Science} Understanding Random Forest}, author={Tony Yiu},
  howpublished = {\url{https://towardsdatascience.com/understanding-random-forest-58381e0602d2}},
  note = {Accessed: 2020-03-24}
}

@article{breiman2001random,
  title={Random forests},
  author={Breiman, Leo},
  journal={Machine learning},
  volume={45},
  number={1},
  pages={5--32},
  year={2001},
  publisher={Springer}
}

@inproceedings{chen2016xgboost,
  title={Xgboost: A scalable tree boosting system},
  author={Chen, Tianqi and Guestrin, Carlos},
  booktitle={Proceedings of the 22nd acm sigkdd international conference on knowledge discovery and data mining},
  pages={785--794},
  year={2016}
}

@techreport{breiman1996bias,
  title={Bias, variance, and arcing classifiers},
  author={Breiman, Leo},
  year={1996},
  institution={Tech. Rep. 460, Statistics Department, University of California, Berkeley~…}
}

@misc{xgboostintuition,
  title = {{Towards Data Science} XGBoost Algorithm: Long May She Reign}, author = {Morde, Vishal},
  howpublished = {\url{https://towardsdatascience.com/https-medium-com-vishalmorde-xgboost-algorithm-long-she-may-rein-edd9f99be63d}},
  note = {Accessed: 2020-03-24}
}

@article{chawla2002smote,
  title={SMOTE: synthetic minority over-sampling technique},
  author={Chawla, Nitesh V and Bowyer, Kevin W and Hall, Lawrence O and Kegelmeyer, W Philip},
  journal={Journal of artificial intelligence research},
  volume={16},
  pages={321--357},
  year={2002}
}

@misc{insfreqcost, 
title={Data Breaches Caused by Insiders Increase in Frequency and Cost}, \url={https://www.ponemon.org/blog/data-breaches-caused-by-insiders-increase-in-frequency-and-cost}, year = {2018}, month={April}}


@misc{CERT_home, title={Software Engineering Institute}, url={https://www.sei.cmu.edu/research-capabilities/all-work/display.cfm?customel_datapageid_4050=21232}, journal={Insider Threat Test Dataset}, year={2020}, month={Mar}}

@book{cappelli2012cert,
  title={The CERT guide to insider threats: how to prevent, detect, and respond to information technology crimes (Theft, Sabotage, Fraud)},
  author={Cappelli, Dawn M and Moore, Andrew P and Trzeciak, Randall F},
  year={2012},
  publisher={Addison-Wesley}
}